@article{human2012structure,
author = {Consortium, Human Microbiome Project and Others},
journal = {Nature},
number = {7402},
pages = {207--214},
publisher = {Nature Research},
title = {{Structure, function and diversity of the healthy human microbiome}},
volume = {486},
year = {2012}
}

@article{revell2012phytools,
  title={phytools: an R package for phylogenetic comparative biology (and other things)},
  author={Revell, Liam J},
  journal={Methods in Ecology and Evolution},
  volume={3},
  number={2},
  pages={217--223},
  year={2012},
  publisher={Wiley Online Library}
}

% below are new references
@article{freckleton2011comparative,
  title={Comparative methods as a statistical fix: the dangers of ignoring an evolutionary model},
  author={Freckleton, Rob P and Cooper, Natalie and Jetz, Walter},
  journal={The American Naturalist},
  volume={178},
  number={1},
  pages={E10--E17},
  year={2011},
  publisher={University of Chicago Press Chicago, IL}
}