@article{aitchison1986statistical,
  title={The statistical analysis of compositional data},
  author={Aitchison, John},
  year={1986},
  publisher={Chapman and Hall London}
}

@book{arditi2012species,
  title={How species interact: altering the standard view on trophic ecology},
  author={Arditi, Roger and Ginzburg, Lev R},
  year={2012},
  publisher={Oxford University Press}
}

@article{bansal2012efficient,
  title={Efficient algorithms for the reconciliation problem with gene duplication, horizontal transfer and loss},
  author={Bansal, Mukul S and Alm, Eric J and Kellis, Manolis},
  journal={Bioinformatics},
  volume={28},
  number={12},
  pages={i283--i291},
  year={2012},
  publisher={Oxford University Press}
}

@article{bardgett2008microbial,
  title={Microbial contributions to climate change through carbon cycle feedbacks},
  author={Bardgett, Richard D and Freeman, Chris and Ostle, Nicholas J},
  journal={The ISME journal},
  volume={2},
  number={8},
  pages={805--814},
  year={2008},
  publisher={Nature Publishing Group}
}

@article{blomberg2003testing,
  title={Testing for phylogenetic signal in comparative data: behavioral traits are more labile},
  author={Blomberg, Simon P and Garland Jr, Theodore and Ives, Anthony R and Crespi, B},
  journal={Evolution},
  volume={57},
  number={4},
  pages={717--745},
  year={2003},
  publisher={BioOne}
}

@article{blomberg2012independent,
  title={Independent contrasts and PGLS regression estimators are equivalent},
  author={Blomberg, Simon P and Lefevre, James G and Wells, Jessie A and Waterhouse, Mary},
  journal={Systematic Biology},
  volume={61},
  number={3},
  pages={382--391},
  year={2012},
  publisher={Oxford University Press}
}

@article{chang2011variance,
  title={Variance adjusted weighted UniFrac: a powerful beta diversity measure for comparing communities based on phylogeny},
  author={Chang, Qin and Luan, Yihui and Sun, Fengzhu},
  journal={BMC bioinformatics},
  volume={12},
  number={1},
  pages={118},
  year={2011},
  publisher={BioMed Central}
}

@article{chen2012associating,
  title={Associating microbiome composition with environmental covariates using generalized UniFrac distances},
  author={Chen, Jun and Bittinger, Kyle and Charlson, Emily S and Hoffmann, Christian and Lewis, James and Wu, Gary D and Collman, Ronald G and Bushman, Frederic D and Li, Hongzhe},
  journal={Bioinformatics},
  volume={28},
  number={16},
  pages={2106--2113},
  year={2012},
  publisher={Oxford University Press}
}

@article{chen2013structure,
  title={Structure-constrained sparse canonical correlation analysis with an application to microbiome data analysis},
  author={Chen, Jun and Bushman, Frederic D and Lewis, James D and Wu, Gary D and Li, Hongzhe},
  journal={Biostatistics},
  volume={14},
  number={2},
  pages={244--258},
  year={2013},
  publisher={Biometrika Trust}
}

@article{cohen2010complexity,
  title={The complexity hypothesis revisited: connectivity rather than function constitutes a barrier to horizontal gene transfer},
  author={Cohen, Ofir and Gophna, Uri and Pupko, Tal},
  journal={Molecular biology and evolution},
  volume={28},
  number={4},
  pages={1481--1489},
  year={2010},
  publisher={Oxford University Press}
}

@article{cunningham1998reconstructing,
  title={Reconstructing ancestral character states: a critical reappraisal},
  author={Cunningham, Clifford W and Omland, Kevin E and Oakley, Todd H},
  journal={Trends in Ecology \& Evolution},
  volume={13},
  number={9},
  pages={361--366},
  year={1998},
  publisher={Elsevier}
}

@article{davidson2015phylogenomic,
  title={Phylogenomic species tree estimation in the presence of incomplete lineage sorting and horizontal gene transfer},
  author={Davidson, Ruth and Vachaspati, Pranjal and Mirarab, Siavash and Warnow, Tandy},
  journal={BMC genomics},
  volume={16},
  number={10},
  pages={S1},
  year={2015},
  publisher={BioMed Central}
}

@article{diniz1998eigenvector,
  title={An eigenvector method for estimating phylogenetic inertia},
  author={Diniz-Filho, Jos{\'e} Alexandre Felizola and Sant'Ana, Carlos Eduardo Ramos and Bini, Luis Mauricio},
  journal={Evolution},
  volume={52},
  number={5},
  pages={1247--1262},
  year={1998},
  publisher={Wiley Online Library}
}

@article{evans2012phylogenetic,
  title={The phylogenetic Kantorovich--Rubinstein metric for environmental sequence samples},
  author={Evans, Steven N and Matsen, Frederick A},
  journal={Journal of the Royal Statistical Society: Series B (Statistical Methodology)},
  volume={74},
  number={3},
  pages={569--592},
  year={2012},
  publisher={Wiley Online Library}
}

@article{falkowski2008microbial,
  title={The microbial engines that drive Earth's biogeochemical cycles},
  author={Falkowski, Paul G and Fenchel, Tom and Delong, Edward F},
  journal={science},
  volume={320},
  number={5879},
  pages={1034--1039},
  year={2008},
  publisher={American Association for the Advancement of Science}
}

@article{felsenstein1985confidence,
  title={Confidence limits on phylogenies: an approach using the bootstrap},
  author={Felsenstein, Joseph},
  journal={Evolution},
  pages={783--791},
  year={1985},
  publisher={JSTOR}
}

@article{freckleton2011comparative,
  title={Comparative methods as a statistical fix: the dangers of ignoring an evolutionary model},
  author={Freckleton, Rob P and Cooper, Natalie and Jetz, Walter},
  journal={The American Naturalist},
  volume={178},
  number={1},
  pages={E10--E17},
  year={2011},
  publisher={University of Chicago Press Chicago, IL}
}

@article{garamszegi2014modern,
  title={Modern phylogenetic comparative methods and their application in evolutionary biology},
  author={Garamszegi, L{\'a}szl{\'o} Zsolt},
  journal={Concepts and Practice. London, UK: Springer},
  year={2014},
  publisher={Springer}
}

@article{gloor2016compositional,
  title={Compositional analysis: a valid approach to analyze microbiome high-throughput sequencing data},
  author={Gloor, Gregory B and Reid, Gregor},
  journal={Canadian Journal of Microbiology},
  volume={62},
  number={8},
  pages={692--703},
  year={2016},
  publisher={NRC Research Press}
}

@article{gogarten2002prokaryotic,
  title={Prokaryotic evolution in light of gene transfer},
  author={Gogarten, J Peter and Doolittle, W Ford and Lawrence, Jeffrey G},
  journal={Molecular biology and evolution},
  volume={19},
  number={12},
  pages={2226--2238},
  year={2002},
  publisher={Society for Molecular Biology and Evolution}
}

@article{gogarten2005horizontal,
  title={Horizontal gene transfer, genome innovation and evolution},
  author={Gogarten, J Peter and Townsend, Jeffrey P},
  journal={Nature reviews. Microbiology},
  volume={3},
  number={9},
  pages={679},
  year={2005},
  publisher={Nature Publishing Group}
}

@article{grafen1989phylogenetic,
  title={The phylogenetic regression},
  author={Grafen, Alan},
  journal={Philosophical Transactions of the Royal Society of London. Series B, Biological Sciences},
  volume={326},
  number={1233},
  pages={119--157},
  year={1989},
  publisher={JSTOR}
}

@article{hall2004evolution,
  title={Evolution of the serine $\beta$-lactamases: past, present and future},
  author={Hall, Barry G and Barlow, Miriam},
  journal={Drug Resistance Updates},
  volume={7},
  number={2},
  pages={111--123},
  year={2004},
  publisher={Elsevier}
}

@article{hamady2010fast,
  title={Fast UniFrac: facilitating high-throughput phylogenetic analyses of microbial communities including analysis of pyrosequencing and PhyloChip data},
  author={Hamady, Micah and Lozupone, Catherine and Knight, Rob},
  journal={The ISME journal},
  volume={4},
  number={1},
  pages={17},
  year={2010},
  publisher={NIH Public Access}
}

@article{hug2016new,
  title={A new view of the tree of life},
  author={Hug, Laura A and Baker, Brett J and Anantharaman, Karthik and Brown, Christopher T and Probst, Alexander J and Castelle, Cindy J and Butterfield, Cristina N and Hernsdorf, Alex W and Amano, Yuki and Ise, Kotaro and others},
  journal={Nature Microbiology},
  volume={1},
  pages={16048},
  year={2016},
  publisher={Nature Publishing Group}
}

@article{human2012structure,
  title={Structure, function and diversity of the healthy human microbiome},
  author={Human Microbiome Project Consortium and others},
  journal={Nature},
  volume={486},
  number={7402},
  pages={207--214},
  year={2012},
  publisher={Nature Research}
}

@article{joy2016ancestral,
  title={Ancestral reconstruction},
  author={Joy, Jeffrey B and Liang, Richard H and McCloskey, Rosemary M and Nguyen, T and Poon, Art FY},
  journal={PLoS computational biology},
  volume={12},
  number={7},
  pages={e1004763},
  year={2016},
  publisher={Public Library of Science}
}

@article{kembel2010picante,
  title={Picante: R tools for integrating phylogenies and ecology},
  author={Kembel, Steven W and Cowan, Peter D and Helmus, Matthew R and Cornwell, William K and Morlon, Helene and Ackerly, David D and Blomberg, Simon P and Webb, Campbell O},
  journal={Bioinformatics},
  volume={26},
  number={11},
  pages={1463--1464},
  year={2010},
  publisher={Oxford University Press}
}

@article{kitahara2013revisiting,
  title={Revisiting bacterial phylogeny: natural and experimental evidence for horizontal gene transfer of 16S rRNA},
  author={Kitahara, Kei and Miyazaki, Kentaro},
  journal={Mobile genetic elements},
  volume={3},
  number={1},
  pages={e24210},
  year={2013},
  publisher={Taylor \& Francis}
}

@article{klappenbach2000rrna,
  title={rRNA operon copy number reflects ecological strategies of bacteria},
  author={Klappenbach, Joel A and Dunbar, John M and Schmidt, Thomas M},
  journal={Applied and environmental microbiology},
  volume={66},
  number={4},
  pages={1328--1333},
  year={2000},
  publisher={Am Soc Microbiol}
}

@article{langille2013predictive,
  title={Predictive functional profiling of microbial communities using 16S rRNA marker gene sequences},
  author={Langille, Morgan GI and Zaneveld, Jesse and Caporaso, J Gregory and McDonald, Daniel and Knights, Dan and Reyes, Joshua A and Clemente, Jose C and Burkepile, Deron E and Thurber, Rebecca L Vega and Knight, Rob and others},
  journal={Nature biotechnology},
  volume={31},
  number={9},
  pages={814--821},
  year={2013},
  publisher={Nature Publishing Group}
}

@article{lindenfors2010sexual,
  title={Sexual dimorphism in primate aerobic capacity: a phylogenetic test},
  author={Lindenfors, Patrik and Revell, Liam J and Nunn, Charles L},
  journal={Journal of evolutionary biology},
  volume={23},
  number={6},
  pages={1183--1194},
  year={2010},
  publisher={Wiley Online Library}
}

@article{lozupone2005unifrac,
  title={UniFrac: a new phylogenetic method for comparing microbial communities},
  author={Lozupone, Catherine and Knight, Rob},
  journal={Applied and environmental microbiology},
  volume={71},
  number={12},
  pages={8228--8235},
  year={2005},
  publisher={Am Soc Microbiol}
}

@article{macarthur1964environmental,
  title={Environmental factors affecting bird species diversity},
  author={MacArthur, Robert H},
  journal={The American Naturalist},
  volume={98},
  number={903},
  pages={387--397},
  year={1964},
  publisher={Science Press}
}

@article{martins1997phylogenies,
  title={Phylogenies and the comparative method: a general approach to incorporating phylogenetic information into the analysis of interspecific data},
  author={Martins, Emilia P and Hansen, Thomas F},
  journal={The American Naturalist},
  volume={149},
  number={4},
  pages={646--667},
  year={1997},
  publisher={University of Chicago Press}
}

@article{martiny2015microbiomes,
  title={Microbiomes in light of traits: a phylogenetic perspective},
  author={Martiny, Jennifer BH and Jones, Stuart E and Lennon, Jay T and Martiny, Adam C},
  journal={Science},
  volume={350},
  number={6261},
  pages={aac9323},
  year={2015},
  publisher={American Association for the Advancement of Science}
}

@article{matsen2013edge,
  title={Edge principal components and squash clustering: using the special structure of phylogenetic placement data for sample comparison},
  author={Matsen IV, Frederick A and Evans, Steven N},
  journal={PLoS One},
  volume={8},
  number={3},
  pages={e56859},
  year={2013},
  publisher={Public Library of Science}
}

@book{may2001stability,
  title={Stability and complexity in model ecosystems},
  author={May, Robert McCredie},
  volume={6},
  year={2001},
  publisher={Princeton university press}
}

@article{mcclelland2016emdunifrac,
  title={EMDUnifrac: Exact linear time computation of the Unifrac metric and identification of differentially abundant organisms},
  author={McClelland, Jason and Koslicki, David},
  journal={arXiv preprint arXiv:1611.04634},
  year={2016}
}

@book{nei2000molecular,
  title={Molecular evolution and phylogenetics},
  author={Nei, Masatoshi and Kumar, Sudhir},
  year={2000},
  publisher={Oxford university press}
}

@article{nishihara2009retroposon,
  title={Retroposon analysis and recent geological data suggest near-simultaneous divergence of the three superorders of mammals},
  author={Nishihara, Hidenori and Maruyama, Shigenori and Okada, Norihiro},
  journal={Proceedings of the National Academy of Sciences},
  volume={106},
  number={13},
  pages={5235--5240},
  year={2009},
  publisher={National Acad Sciences}
}

@article{ochman1987evolution,
  title={Evolution in bacteria: evidence for a universal substitution rate in cellular genomes},
  author={Ochman, Howard and Wilson, Allan C},
  journal={Journal of molecular evolution},
  volume={26},
  number={1-2},
  pages={74--86},
  year={1987},
  publisher={Springer}
}

@article{orme2013caper,
  title={The caper package: comparative analysis of phylogenetics and evolution in R},
  author={Orme, David},
  journal={R package version},
  volume={5},
  number={2},
  year={2013}
}

@article{pagel1999inferring,
  title={Inferring the historical patterns of biological evolution},
  author={Pagel, Mark},
  journal={Nature},
  volume={401},
  number={6756},
  pages={877--884},
  year={1999},
  publisher={Nature Publishing Group}
}

@article{paradis2004ape,
  title={APE: analyses of phylogenetics and evolution in R language},
  author={Paradis, Emmanuel and Claude, Julien and Strimmer, Korbinian},
  journal={Bioinformatics},
  volume={20},
  number={2},
  pages={289--290},
  year={2004},
  publisher={Oxford Univ Press}
}

@article{pellegrini1999assigning,
  title={Assigning protein functions by comparative genome analysis: protein phylogenetic profiles},
  author={Pellegrini, Matteo and Marcotte, Edward M and Thompson, Michael J and Eisenberg, David and Yeates, Todd O},
  journal={Proceedings of the National Academy of Sciences},
  volume={96},
  number={8},
  pages={4285--4288},
  year={1999},
  publisher={National Acad Sciences}
}

@article{purdom2011analysis,
  title={Analysis of a data matrix and a graph: Metagenomic data and the phylogenetic tree},
  author={Purdom, Elizabeth},
  journal={The Annals of Applied Statistics},
  pages={2326--2358},
  year={2011},
  publisher={JSTOR}
}

@article{ravenhall2015inferring,
  title={Inferring horizontal gene transfer},
  author={Ravenhall, Matt and {\v{S}}kunca, Nives and Lassalle, Florent and Dessimoz, Christophe},
  journal={PLoS computational biology},
  volume={11},
  number={5},
  pages={e1004095},
  year={2015},
  publisher={Public Library of Science}
}

@article{revell2012phytools,
  title={phytools: an R package for phylogenetic comparative biology (and other things)},
  author={Revell, Liam J},
  journal={Methods in Ecology and Evolution},
  volume={3},
  number={2},
  pages={217--223},
  year={2012},
  publisher={Wiley Online Library}
}

@article{rohlf2001comparative,
  title={Comparative methods for the analysis of continuous variables: geometric interpretations},
  author={Rohlf, F James},
  journal={Evolution},
  volume={55},
  number={11},
  pages={2143--2160},
  year={2001},
  publisher={BioOne}
}

@article{schliep2011phangorn,
  title={phangorn: phylogenetic analysis in R},
  author={Schliep, Klaus Peter},
  journal={Bioinformatics},
  volume={27},
  number={4},
  pages={592--593},
  year={2011},
  publisher={Oxford Univ Press}
}

@article{segata2013phylophlan,
  title={PhyloPhlAn is a new method for improved phylogenetic and taxonomic placement of microbes},
  author={Segata, Nicola and B{\"o}rnigen, Daniela and Morgan, Xochitl C and Huttenhower, Curtis},
  journal={Nature communications},
  volume={4},
  pages={2304},
  year={2013},
  publisher={NIH Public Access}
}

@article{silverman2017phylogenetic,
  title={A phylogenetic transform enhances analysis of compositional microbiota data},
  author={Silverman, Justin D and Washburne, Alex D and Mukherjee, Sayan and David, Lawrence A},
  journal={Elife},
  volume={6},
  pages={e21887},
  year={2017},
  publisher={eLife Sciences Publications Limited}
}

@article{smillie2011ecology,
  title={Ecology drives a global network of gene exchange connecting the human microbiome},
  author={Smillie, Chris S and Smith, Mark B and Friedman, Jonathan and Cordero, Otto X and David, Lawrence A and Alm, Eric J},
  journal={Nature},
  volume={480},
  number={7376},
  pages={241},
  year={2011},
  publisher={Nature Publishing Group}
}

@article{snel1999genome,
  title={Genome phylogeny based on gene content},
  author={Snel, Berend and Bork, Peer and Huynen, Martijn A},
  journal={Nature genetics},
  volume={21},
  number={1},
  pages={108--110},
  year={1999},
  publisher={Nature Publishing Group}
}

@article{socolar2015prey,
  title={Prey Carrying Capacity Modulates the Effect of Predation on Prey Diversity},
  author={Socolar, Jacob and Washburne, Alex},
  journal={The American Naturalist},
  volume={186},
  number={3},
  pages={333--347},
  year={2015},
  publisher={University of Chicago Press Chicago, IL}
}

@article{socolar2015prey,
  title={Prey Carrying Capacity Modulates the Effect of Predation on Prey Diversity},
  author={Socolar, Jacob and Washburne, Alex},
  journal={The American Naturalist},
  volume={186},
  number={3},
  pages={333--347},
  year={2015},
  publisher={University of Chicago Press Chicago, IL}
}

@article{socolar2016should,
  title={How should beta-diversity inform biodiversity conservation?},
  author={Socolar, Jacob B and Gilroy, James J and Kunin, William E and Edwards, David P},
  journal={Trends in ecology \& evolution},
  volume={31},
  number={1},
  pages={67--80},
  year={2016},
  publisher={Elsevier}
}

@article{than2008phylonet,
  title={PhyloNet: a software package for analyzing and reconstructing reticulate evolutionary relationships},
  author={Than, Cuong and Ruths, Derek and Nakhleh, Luay},
  journal={BMC bioinformatics},
  volume={9},
  number={1},
  pages={322},
  year={2008},
  publisher={BioMed Central}
}

@book{tilman1982resource,
  title={Resource competition and community structure},
  author={Tilman, David},
  year={1982},
  publisher={Princeton university press}
}

@article{vvetrovsky2013variability,
  title={The variability of the 16S rRNA gene in bacterial genomes and its consequences for bacterial community analyses},
  author={V{\v{e}}trovsk{\`y}, Tom{\'a}{\v{s}} and Baldrian, Petr},
  journal={PloS one},
  volume={8},
  number={2},
  pages={e57923},
  year={2013},
  publisher={Public Library of Science}
}

@article{washburne2017phylogenetic,
  title={Phylogenetic factorization of compositional data yields lineage-level associations in microbiome datasets},
  author={Washburne, Alex D and Silverman, Justin D and Leff, Jonathan W and Bennett, Dominic J and Darcy, John L and Mukherjee, Sayan and Fierer, Noah and David, Lawrence A},
  journal={PeerJ},
  volume={5},
  pages={e2969},
  year={2017},
  publisher={PeerJ Inc.}
}

@article{yang2012molecular,
  title={Molecular phylogenetics: principles and practice},
  author={Yang, Ziheng and Rannala, Bruce},
  journal={Nature reviews. Genetics},
  volume={13},
  number={5},
  pages={303},
  year={2012},
  publisher={Nature Publishing Group}
}

@article{zaneveld2010ribosomal,
  title={Ribosomal RNA diversity predicts genome diversity in gut bacteria and their relatives},
  author={Zaneveld, Jesse R and Lozupone, Catherine and Gordon, Jeffrey I and Knight, Rob},
  journal={Nucleic acids research},
  volume={38},
  number={12},
  pages={3869--3879},
  year={2010},
  publisher={Oxford University Press}
}
@article{human2012structure,
author = {Consortium, Human Microbiome Project and Others},
journal = {Nature},
number = {7402},
pages = {207--214},
publisher = {Nature Research},
title = {{Structure, function and diversity of the healthy human microbiome}},
volume = {486},
year = {2012}
}
